@book{CroftMetzlerStrohman200902, 
title={Search Engines: Information Retrieval in Practice},
author={Bruce Croft and Donald Metzler and Trevor Strohman},
publisher={Pearson},
year={2009},
month={2},
edition={1},
isbn={9780136072249}
}

@misc{pyfs,
  key   = "PyFilesystem",
  title = {{PyFilesystem provides a simplified common interface to a variety of different filesystems, such as the local filesystem, zip files, ftp servers etc}},
  note  = "\url{https://github.com/PyFilesystem/pyfilesystem}",
}

@misc{arrow,
  key   = "Arrow",
  title = {{Arrow - Better dates \& times for Python}},
  note  = "\url{https://github.com/crsmithdev/arrow}",
}

@misc{yattag,
  key   = "yattag",
  title = {{Yattag is a Python library for generating HTML or XML in a pythonic way}},
  note  = "\url{https://github.com/sirex/yattag}",
}